[gd_scene load_steps=9 format=2]

[ext_resource path="res://assets/entities/track_tiles/goal/goal.gd" type="Script" id=1]
[ext_resource path="res://assets/entities/track_tiles/goal/checkpoint_00.gd" type="Script" id=2]
[ext_resource path="res://assets/entities/track_tiles/goal/checkpoint_01.gd" type="Script" id=3]
[ext_resource path="res://assets/Track/goal.obj" type="ArrayMesh" id=4]

[sub_resource type="BoxShape" id=1]
extents = Vector3( 1, 5, 7.5 )

[sub_resource type="BoxShape" id=2]
extents = Vector3( 1, 5, 7.5 )

[sub_resource type="BoxShape" id=3]
extents = Vector3( 1, 5, 7.5 )

[sub_resource type="SpatialMaterial" id=4]

[node name="goal" type="Spatial"]

[node name="goal" type="Area" parent="."]
collision_layer = 0
collision_mask = 2
script = ExtResource( 1 )

[node name="CollisionShape" type="CollisionShape" parent="goal"]
transform = Transform( 1, 0, 0, 0, 1, 0, 0, 0, 1, 0, 5, 0 )
shape = SubResource( 1 )

[node name="checkpoint_00" type="Area" parent="."]
collision_layer = 0
collision_mask = 2
script = ExtResource( 2 )

[node name="CollisionShape" type="CollisionShape" parent="checkpoint_00"]
transform = Transform( 1, 0, 0, 0, 1, 0, 0, 0, 1, 22, 5, 0 )
shape = SubResource( 2 )

[node name="checkpoint_01" type="Area" parent="."]
collision_layer = 0
collision_mask = 2
script = ExtResource( 3 )

[node name="CollisionShape" type="CollisionShape" parent="checkpoint_01"]
transform = Transform( 1, 0, 0, 0, 1, 0, 0, 0, 1, -22, 5, 0 )
shape = SubResource( 3 )

[node name="MeshInstance" type="MeshInstance" parent="."]
transform = Transform( -4.37114e-008, 0, 1, 0, 1, 0, -1, 0, -4.37114e-008, 0, 0, 0 )
mesh = ExtResource( 4 )
material/0 = SubResource( 4 )
material/1 = null
