[gd_scene load_steps=5 format=2]

[ext_resource path="res://assets/global/multiplayer/multiplayer.gd" type="Script" id=1]
[ext_resource path="res://Name.gd" type="Script" id=2]
[ext_resource path="res://IP.gd" type="Script" id=3]
[ext_resource path="res://Start.gd" type="Script" id=4]

[node name="Scramble" type="Node"]

[node name="Multiplayer" type="Node" parent="."]
script = ExtResource( 1 )

[node name="UI" type="Control" parent="."]
anchor_right = 1.0
anchor_bottom = 1.0

[node name="Container" type="Control" parent="UI"]
anchor_right = 1.0
anchor_bottom = 1.0

[node name="HBoxContainer" type="HBoxContainer" parent="UI/Container"]
anchor_right = 1.0
anchor_bottom = 1.0
grow_horizontal = 2
grow_vertical = 2
alignment = 1

[node name="VBoxContainer" type="VBoxContainer" parent="UI/Container/HBoxContainer"]
margin_right = 424.0
margin_bottom = 720.0
size_flags_horizontal = 3
size_flags_vertical = 3

[node name="Break" type="Button" parent="UI/Container/HBoxContainer/VBoxContainer"]
margin_right = 424.0
margin_bottom = 720.0
size_flags_horizontal = 3
size_flags_vertical = 3
text = "BREAK"

[node name="VBoxContainer2" type="VBoxContainer" parent="UI/Container/HBoxContainer"]
margin_left = 428.0
margin_right = 852.0
margin_bottom = 720.0
size_flags_horizontal = 3
size_flags_vertical = 3

[node name="Name" type="LineEdit" parent="UI/Container/HBoxContainer/VBoxContainer2"]
margin_right = 424.0
margin_bottom = 50.0
rect_min_size = Vector2( 0, 50 )
text = "Name"
align = 1
script = ExtResource( 2 )

[node name="IP" type="LineEdit" parent="UI/Container/HBoxContainer/VBoxContainer2"]
margin_top = 54.0
margin_right = 424.0
margin_bottom = 104.0
rect_min_size = Vector2( 0, 50 )
text = "127.0.0.1:5000"
align = 1
script = ExtResource( 3 )

[node name="Button_Connect" type="Button" parent="UI/Container/HBoxContainer/VBoxContainer2"]
margin_top = 108.0
margin_right = 424.0
margin_bottom = 158.0
rect_min_size = Vector2( 0, 50 )
text = "Connect"

[node name="Button_Reset" type="Button" parent="UI/Container/HBoxContainer/VBoxContainer2"]
margin_top = 162.0
margin_right = 424.0
margin_bottom = 720.0
size_flags_horizontal = 3
size_flags_vertical = 3
text = "RESET"

[node name="VBoxContainer3" type="VBoxContainer" parent="UI/Container/HBoxContainer"]
margin_left = 856.0
margin_right = 1280.0
margin_bottom = 720.0
size_flags_horizontal = 3
size_flags_vertical = 3

[node name="Accelerate" type="Button" parent="UI/Container/HBoxContainer/VBoxContainer3"]
margin_right = 424.0
margin_bottom = 720.0
size_flags_horizontal = 3
size_flags_vertical = 3
text = "ACCELERATE"

[node name="Start" type="Button" parent="UI"]
anchor_right = 1.0
anchor_bottom = 1.0
text = "Touch to start!"
script = ExtResource( 4 )
[connection signal="button_down" from="UI/Container/HBoxContainer/VBoxContainer/Break" to="Multiplayer" method="_on_Break_button_down"]
[connection signal="button_up" from="UI/Container/HBoxContainer/VBoxContainer/Break" to="Multiplayer" method="_on_Break_button_up"]
[connection signal="focus_entered" from="UI/Container/HBoxContainer/VBoxContainer2/Name" to="UI/Container/HBoxContainer/VBoxContainer2/Name" method="_on_Name_focus_entered"]
[connection signal="focus_entered" from="UI/Container/HBoxContainer/VBoxContainer2/IP" to="UI/Container/HBoxContainer/VBoxContainer2/IP" method="_on_IP_focus_entered"]
[connection signal="button_down" from="UI/Container/HBoxContainer/VBoxContainer2/Button_Connect" to="Multiplayer" method="_on_Button_Connect_button_down2"]
[connection signal="button_down" from="UI/Container/HBoxContainer/VBoxContainer2/Button_Reset" to="Multiplayer" method="_on_Button_Reset_button_down"]
[connection signal="button_down" from="UI/Container/HBoxContainer/VBoxContainer3/Accelerate" to="Multiplayer" method="_on_Accelerate_button_down"]
[connection signal="button_up" from="UI/Container/HBoxContainer/VBoxContainer3/Accelerate" to="Multiplayer" method="_on_Accelerate_button_up"]
